<record><leader>00000cas a22000007a 4500</leader><controlfield tag="001">29884330</controlfield><controlfield tag="008">940228d18491849mauwr ne      0    0eng d</controlfield><datafield ind1=" " ind2=" " tag="010"><subfield code="a">sn 94055533 </subfield></datafield><datafield ind1=" " ind2=" " tag="040"><subfield code="a">MGN</subfield><subfield code="b">eng</subfield><subfield code="c">MGN</subfield><subfield code="d">OCLCQ</subfield></datafield><datafield ind1=" " ind2=" " tag="042"><subfield code="a">msc</subfield></datafield><datafield ind1="0" ind2="0" tag="245"><subfield code="a">Bristol County free Democrat.</subfield></datafield><datafield ind1=" " ind2=" " tag="260"><subfield code="a">Taunton, Mass. :</subfield><subfield code="b">Edmund Anthony</subfield></datafield><datafield ind1=" " ind2=" " tag="300"><subfield code="a">v.</subfield></datafield><datafield ind1=" " ind2=" " tag="310"><subfield code="a">Weekly</subfield></datafield><datafield ind1="0" ind2=" " tag="362"><subfield code="a">Vol. 18, no. 35 (Aug. 31, 1849)-v. 18, no. 52 (Dec. 28, 1849).</subfield></datafield><datafield ind1=" " ind2=" " tag="752"><subfield code="a">United States</subfield><subfield code="b">Massachusetts</subfield><subfield code="c">Bristol</subfield><subfield code="d">Taunton.</subfield></datafield><datafield ind1="0" ind2="0" tag="780"><subfield code="t">Bristol County Democrat</subfield><subfield code="w">(DLC)sn 94055532</subfield></datafield><datafield ind1="0" ind2="7" tag="785"><subfield code="t">Taunton true Democrat</subfield><subfield code="w">(DLC)sn 94055534</subfield></datafield><datafield ind1="0" ind2="7" tag="785"><subfield code="t">Taunton Democrat</subfield><subfield code="w">(DLC)sn 83020780</subfield></datafield></record>